
@inproceedings{Alo05,
  title = {On {{Solving Optimization Problems Using Boolean Satisfiability}}},
  booktitle = {Proceeding of the {{First International Conference}} on {{Modeling}}, {{Simulation}} and {{Applied Optimization}}},
  author = {Aloul, F.},
  year = {2005},
  month = feb,
  address = {{Sharjah, U.A.E.}},
  doi = {10.1.1.149.145},
}

@article{Amb05,
  title = {Quantum Search Algorithms},
  author = {Ambainis, A.},
  year = {2005},
  month = apr,
  journal = {arXiv:quant-ph/0504012},
  eprint = {quant-ph/0504012},
  eprinttype = {arxiv},
  archiveprefix = {arXiv},
  keywords = {Computer Science - Computational Complexity,Computer Science - Data Structures and Algorithms,Quantum Physics}
}

@incollection{AS96,
  title = {Normal {{Order}} and {{Applicative Order}}},
  booktitle = {Structure and {{Interpretation}} of {{Computer Programs}}},
  author = {Abelson, H. and Sussman, G. J.},
  year = {1996},
  month = jul,
  pages = {Sec 4.2.1, p.542-544},
  publisher = {{The MIT Press}},
  isbn = {978-0-262-51087-5 978-0-262-31091-8},
  langid = {english},
  keywords = {bic Book Industry Communication::U Computing \& information technology::UY Computer science},
  annotation = {Accepted: 2019-01-17 23:55}
}

@inproceedings{BCCZ99,
  title = {Symbolic {{Model Checking}} without {{BDDs}}},
  booktitle = {Tools and {{Algorithms}} for the {{Construction}} and {{Analysis}} of {{Systems}}},
  author = {Biere, A. and Cimatti, A. and Clarke, E. and Zhu, Y.},
  editor = {Cleaveland, W.R.},
  year = {1999},
  series = {Lecture {{Notes}} in {{Computer Science}}},
  pages = {193--207},
  publisher = {{Springer}},
  address = {{Berlin, Heidelberg}},
  doi = {10.1007/3-540-49059-0_14},
  isbn = {978-3-540-49059-3},
  langid = {english},
  keywords = {Kripke Structure,Liveness Property,Model Check,Propositional Formula,Symbolic Model Check}
}

@article{BCM+20,
  title = {Solving {{SAT}} (and {{MaxSAT}}) with a Quantum Annealer: {{Foundations}}, Encodings, and Preliminary Results},
  shorttitle = {Solving {{SAT}} (and {{MaxSAT}}) with a Quantum Annealer},
  author = {Bian, Z. and Chudak, F. and Macready, W. and Roy, A. and Sebastiani, R. and Varotti, S.},
  year = {2020},
  month = dec,
  journal = {Information and Computation},
  volume = {275},
  pages = {104609},
  issn = {0890-5401},
  doi = {10.1016/j.ic.2020.104609},
  langid = {english},
  keywords = {Chimera graph,Ising model,MaxSAT,Optimization modulo theories,Quadratic unconstrained binary optimization (QUBO),Quantum annealing (QA),SAT,Satisfiability modulo theories}
}

@inproceedings{BFMP11,
  title = {Why3: {{Shepherd Your Herd}} of {{Provers}}},
  shorttitle = {Why3},
  booktitle = {Boogie 2011: {{First International Workshop}} on {{Intermediate Verification Languages}}},
  author = {Bobot, F. and Filli{\^a}tre, J.-C. and March{\'e}, C. and Paskevich, A.},
  year = {2011},
  pages = {53},
  doi = {10/document},
  langid = {english}
}

@inproceedings{BGV99,
  title = {Microprocessor {{Verification Using Efficient Decision Procedures}} for a {{Logic}} of {{Equality}} with {{Uninterpreted Functions}}},
  booktitle = {Automated {{Reasoning}} with {{Analytic Tableaux}} and {{Related Methods}}},
  author = {Bryant, Randal E. and German, S. and Velev, Miroslav N.},
  editor = {Murray, Neil V.},
  year = {1999},
  series = {Lecture {{Notes}} in {{Computer Science}}},
  pages = {1--13},
  publisher = {{Springer}},
  address = {{Berlin, Heidelberg}},
  doi = {10.1007/3-540-48754-9_1},
  isbn = {978-3-540-48754-8},
  langid = {english},
  keywords = {Data Symbol,Decision Procedure,Domain Variable,Function Symbol,Propositional Logic}
}

@article{CGW00,
  title = {Nested {{Quantum Search}} and {{NP-Hard Problems}}},
  author = {Cerf, N. J. and Grover, Lov K. and Williams, Colin P.},
  year = {2000},
  month = may,
  journal = {Applicable Algebra in Engineering, Communication and Computing},
  volume = {10},
  number = {4-5},
  pages = {311--338},
  issn = {0938-1279, 1432-0622},
  doi = {10.1007/s002000050134},
  langid = {english}
}

@inproceedings{Coo71,
  title = {The Complexity of Theorem-Proving Procedures},
  booktitle = {Proceedings of the Third Annual {{ACM}} Symposium on {{Theory}} of Computing},
  author = {Cook, S. A.},
  year = {1971},
  month = may,
  series = {{{STOC}} '71},
  pages = {151--158},
  publisher = {{Association for Computing Machinery}},
  address = {{New York, NY, USA}},
  doi = {10.1145/800157.805047},
  isbn = {978-1-4503-7464-4}
}

@article{dKM21,
  title = {Tensor {{Network Rewriting Strategies}} for {{Satisfiability}} and {{Counting}}},
  author = {{de Beaudrap}, N. and Kissinger, A. and Meichanetzidis, K.},
  year = {2021},
  month = sep,
  journal = {Electronic Proceedings in Theoretical Computer Science},
  volume = {340},
  eprint = {2004.06455},
  eprinttype = {arxiv},
  pages = {46--59},
  issn = {2075-2180},
  doi = {10.4204/EPTCS.340.3},
  archiveprefix = {arXiv},
  keywords = {Computer Science - Computational Complexity,Quantum Physics},
}

@article{DLL62,
  title = {A Machine Program for Theorem-Proving},
  author = {Davis, M. and Logemann, G. and Loveland, D.},
  year = {1962},
  month = jul,
  journal = {Communications of the ACM},
  volume = {5},
  number = {7},
  pages = {394--397},
  issn = {0001-0782, 1557-7317},
  doi = {10.1145/368273.368557},
  langid = {english},
}

@inproceedings{ESE15,
  title = {On the Parallelization of {{SAT}} Solvers},
  booktitle = {2015 {{Tenth International Conference}} on {{Computer Engineering Systems}} ({{ICCES}})},
  author = {El Khalek, Y. A. and Safar, M. and {El-Kharashi}, M. W.},
  year = {2015},
  month = dec,
  pages = {119--128},
  doi = {10.1109/ICCES.2015.7393031},
  keywords = {Algorithm design and analysis,architecture paradigm,Boolean Satisfiability SAT,computability,Computer architecture,Computers,Master-slave,network communication,parallel processing,Parallel processing,Parallelism,Partitioning algorithms,Program processors,SAT solver parallelization,satisfiability,scalability,workload distribution},
}

@inproceedings{Gro96,
  title = {A {{Fast Quantum Mechanical Algorithm}} for {{Database Search}}},
  booktitle = {Proceedings of the {{Twenty-eighth Annual ACM Symposium}} on {{Theory}} of {{Computing}}},
  author = {Grover, L. K.},
  year = {1996},
  month = may,
  series = {{{STOC}} '96},
  pages = {212--219},
  publisher = {{ACM}},
  address = {{New York, NY, USA}},
  doi = {10.1145/237814.237866},
  isbn = {978-0-89791-785-8},
}

@article{GZ17,
  title = {A Survey of {{SAT}} Solver},
  author = {Gong, W. and Zhou, X.},
  year = {2017},
  month = jun,
  journal = {AIP Conference Proceedings},
  volume = {1836},
  number = {1},
  pages = {020059},
  publisher = {{American Institute of Physics}},
  issn = {0094-243X},
  doi = {10.1063/1.4981999},
}

@misc{Hin18,
  title = {Genomics {{Code Exceeds Exaops}} on {{Summit Supercomputer}}},
  author = {Hines, J.},
  year = {2018},
  month = jun,
  journal = {Oak Ridge Leadership Computing Facility},
  langid = {american},
}

@inproceedings{HMN+11,
  title = {A Short Overview on Modern Parallel {{SAT-solvers}}},
  booktitle = {2011 {{International Conference}} on {{Advanced Computer Science}} and {{Information Systems}}},
  author = {H{\"o}lldobler, S. and Manthey, N. and Nguyen, V. H. and Stecklina, J. and Steinke, P.},
  year = {2011},
  month = dec,
  pages = {201--206},
  keywords = {Computer architecture,Delay,Hardware,Parallel processing,Portfolios,Runtime,Scattering},
}

@techreport{Jor21,
  title = {Quantum {{Algorithm Zoo}}},
  author = {Jordan, S.},
  year = {2021},
  month = feb
}

@inproceedings{LAK+14,
  title = {Symbolic Optimization with {{SMT}} Solvers},
  booktitle = {Proceedings of the 41st {{ACM SIGPLAN-SIGACT Symposium}} on {{Principles}} of {{Programming Languages}}},
  author = {Li, Y. and Albarghouthi, A. and Kincaid, Z. and Gurfinkel, A. and Chechik, M.},
  year = {2014},
  month = jan,
  pages = {607--618},
  publisher = {{ACM}},
  address = {{San Diego California USA}},
  doi = {10.1145/2535838.2535857},
  isbn = {978-1-4503-2544-8},
  langid = {english},
}

@article{NSR02,
  title = {A New {{FPGA}} Detailed Routing Approach via Search-Based {{Boolean}} Satisfiability},
  author = {Nam, G.-J. and Sakallah, K.A. and Rutenbar, R.A.},
  year = {2002},
  month = jun,
  journal = {IEEE Transactions on Computer-Aided Design of Integrated Circuits and Systems},
  volume = {21},
  number = {6},
  pages = {674--684},
  issn = {1937-4151},
  doi = {10.1109/TCAD.2002.1004311},
  keywords = {Adaptive arrays,Application specific integrated circuits,Boolean functions,Data structures,Field programmable gate arrays,Input variables,Integer linear programming,Logic design,Programmable logic arrays,Routing},
}

@inproceedings{OU09,
  title = {C-Sat: {{A Parallel SAT Solver}} for {{Clusters}}},
  shorttitle = {C-Sat},
  booktitle = {Theory and {{Applications}} of {{Satisfiability Testing}} - {{SAT}} 2009},
  author = {Ohmura, K. and Ueda, K.},
  editor = {Kullmann, O.},
  year = {2009},
  series = {Lecture {{Notes}} in {{Computer Science}}},
  pages = {524--537},
  publisher = {{Springer}},
  address = {{Berlin, Heidelberg}},
  doi = {10.1007/978-3-642-02777-2_47},
  isbn = {978-3-642-02777-2},
  langid = {english},
  keywords = {Communication Overhead,Decision Heuristic,Execution Time,Total Execution Time,Total Runtime}
}

@inproceedings{PK00,
  title = {Equivalence Checking Combining a Structural {{SAT-solver}}, {{BDDs}}, and Simulation},
  booktitle = {Proceedings 2000 {{International Conference}} on {{Computer Design}}},
  author = {Paruthi, V. and Kuehlmann, A.},
  year = {2000},
  month = sep,
  pages = {459--464},
  issn = {1063-6404},
  doi = {10.1109/ICCD.2000.878323},
  keywords = {Binary decision diagrams,Boolean functions,Circuit simulation,Combinational circuits,Computational complexity,Data structures,Design methodology,Encoding,Partitioning algorithms,Synthetic aperture sonar},
}

@article{SBS96,
  title = {Combinational Test Generation Using Satisfiability},
  author = {Stephan, P. and Brayton, R.K. and {Sangiovanni-Vincentelli}, A.L.},
  year = {1996},
  month = sep,
  journal = {IEEE Transactions on Computer-Aided Design of Integrated Circuits and Systems},
  volume = {15},
  number = {9},
  pages = {1167--1176},
  issn = {1937-4151},
  doi = {10.1109/43.536723},
  keywords = {Algorithm design and analysis,Character generation,Circuit faults,Computational modeling,Equations,Logic programming,Logic testing,Polynomials,Power generation,Robustness},
}

@patent{Sta94,
  title = {System for Determining Propositional Logic Theorems by Applying Values and Rules to Triplets That Are Generated from Boolean Formula},
  author = {Stalmarck, G.},
  year = {1994},
  month = jan,
  number = {US5276897A},
  assignee = {Stalmarck Gunnar M N},
  nationality = {US},
  keywords = {formula,instantiation,triplets,unit,variables},
}

@inproceedings{TID20,
  title = {A {{SAT-Based Approach}} for {{Index Calculus}} on {{Binary Elliptic Curves}}},
  booktitle = {Progress in {{Cryptology}} - {{AFRICACRYPT}} 2020},
  author = {Trimoska, M. and Ionica, S. and Dequen, G.},
  year = {2020},
  month = jul,
  pages = {214--235},
  address = {{Cairo, Egypt}},
  doi = {10.1007/978-3-030-51938-4},
  keywords = {Discrete logarithm,dpll algorithm,Elliptic curves,Index calculus,Point decomposition,Satisfiability,Symmetry},
}

@article{VB03,
  title = {Effective Use of {{Boolean}} Satisfiability Procedures in the Formal Verification of Superscalar and {{VLIW}} Microprocessors},
  author = {Velev, M. and Bryant, R.},
  year = {2003},
  month = feb,
  journal = {Journal of Symbolic Computation},
  volume = {35},
  number = {2},
  pages = {73--106},
  issn = {0747-7171},
  doi = {10.1016/S0747-7171(02)00091-3},
  langid = {english},
}

@inproceedings{ZMMM01,
  title = {Efficient Conflict Driven Learning in a {{Boolean}} Satisfiability Solver},
  booktitle = {{{IEEE}}/{{ACM International Conference}} on {{Computer Aided Design}}. {{ICCAD}} 2001. {{IEEE}}/{{ACM Digest}} of {{Technical Papers}} ({{Cat}}. {{No}}.{{01CH37281}})},
  author = {Zhang, L. and Madigan, C.F. and Moskewicz, M.H. and Malik, S.},
  year = {2001},
  pages = {279--285},
  publisher = {{IEEE}},
  address = {{San Jose, CA, USA}},
  doi = {10.1109/ICCAD.2001.968634},
  isbn = {978-0-7803-7247-4},
}


