@article{AB11,
  title = {The Sheaf-Theoretic Structure of Non-Locality and Contextuality},
  year = {2011},
  month = nov,
  journal = {New Journal of Physics},
  volume = {13},
  number = {11},
  pages = {113036},
  publisher = {{IOP Publishing}},
  issn = {1367-2630},
  doi = {10.1088/1367-2630/13/11/113036},
  langid = {english},
  note = {\url{https://doi.org/10.1088/1367-2630/13/11/113036}},
  author = {Abramsky, S. and Brandenburger, A.}
}

@article{CEG96,
  title = {Bell-{{Kochen-Specker}} Theorem: {{A}} Proof with 18 Vectors},
  shorttitle = {Bell-{{Kochen-Specker}} Theorem},
  year = {1996},
  month = mar,
  journal = {Physics Letters A},
  volume = {212},
  number = {4},
  pages = {183--187},
  issn = {0375-9601},
  doi = {10.1016/0375-9601(96)00134-X},
  langid = {english},
  keywords = {Bell-Kochen-Specker theorem,Hardy's theorem},
  note = {\url{http://www.sciencedirect.com/science/article/pii/037596019600134X}},
  author = {Cabello, A. and Estebaranz, J. M. and Garc\'ia-Alcaine, G.}
}

@article{dHG+22,
  title = {Contextuality Degree of Quadrics in Multi-Qubit Symplectic Polar Spaces},
  year = {2022},
  month = nov,
  journal = {Journal of Physics A: Mathematical and Theoretical},
  volume = {55},
  number = {47},
  pages = {475301},
  publisher = {{IOP Publishing}},
  issn = {1751-8121},
  doi = {10.1088/1751-8121/aca36f},
  copyright = {All rights reserved},
  langid = {english},
  note = {\url{https://dx.doi.org/10.1088/1751-8121/aca36f}},
  author = {de Boutray, H. and Holweck, F. and Giorgetti, A. and Masson, P. and Saniga, M.}
}

@article{EPR35,
  title = {Can {{Quantum-Mechanical Description}} of {{Physical Reality Be Considered Complete}}?},
  year = {1935},
  month = may,
  journal = {Physical Review},
  volume = {47},
  number = {10},
  pages = {777--780},
  publisher = {{American Physical Society}},
  doi = {10.1103/PhysRev.47.777},
  note = {\url{https://link.aps.org/doi/10.1103/PhysRev.47.777}},
  author = {Einstein, A. and Podolsky, B. and Rosen, N.}
}

@article{HdS22,
  title = {Three-Qubit-Embedded Split {{Cayley}} Hexagon Is Contextuality Sensitive},
  year = {2022},
  month = may,
  journal = {Scientific Reports},
  volume = {12},
  number = {1},
  pages = {8915},
  publisher = {{Nature Publishing Group}},
  issn = {2045-2322},
  doi = {10.1038/s41598-022-13079-3},
  copyright = {2022 The Author(s)},
  langid = {english},
  keywords = {Information theory and computation,Quantum physics},
  note = {\url{https://www.nature.com/articles/s41598-022-13079-3}},
  author = {Holweck, F. and de Boutray, H. and Saniga, M.}
}

@article{Sch35,
  title = {{Die gegenw\"artige Situation in der Quantenmechanik}},
  year = {1935},
  month = nov,
  journal = {Naturwissenschaften},
  volume = {23},
  number = {48},
  pages = {807--812},
  issn = {1432-1904},
  doi = {10.1007/BF01491891},
  langid = {ngerman},
  note = {\url{https://doi.org/10.1007/BF01491891}},
  author = {Schr\"odinger, E.}
}

@article{SdHG21,
  title = {Taxonomy of {{Polar Subspaces}} of {{Multi-Qubit Symplectic Polar Spaces}} of {{Small Rank}}},
  year = {2021},
  month = sep,
  journal = {Mathematics},
  volume = {9},
  number = {18},
  pages = {2272},
  publisher = {{Multidisciplinary Digital Publishing Institute}},
  doi = {10.3390/math9182272},
  copyright = {http://creativecommons.org/licenses/by/3.0/},
  langid = {english},
  keywords = {binary symplectic polar spaces,distinguished sets of doilies,geometric hyperplanes,N-qubit observables,Veldkamp lines},
  note = {\url{https://www.mdpi.com/2227-7390/9/18/2272}},
  author = {Saniga, M. and de Boutray, H. and Holweck, F. and Giorgetti, A.}
}
